<?xml version="1.0" encoding="UTF-8"?><collection xmlns="http://www.loc.gov/MARC21/slim"><record><leader>00598nam--2200181-i-4500</leader><controlfield tag="001">000039736</controlfield><controlfield tag="002">20161230</controlfield><controlfield tag="005">20161230201042</controlfield><controlfield tag="008">060222s1000------------r-----000-0-eng-d</controlfield><datafield ind1=" " ind2=" " tag="040"><subfield code="a">IFIN-HH</subfield></datafield><datafield ind1=" " ind2=" " tag="080"><subfield code="a">548.5:539.2:538.9</subfield></datafield><datafield ind1="1" ind2=" " tag="100"><subfield code="a">Wilcox, William R</subfield></datafield><datafield ind1="1" ind2="0" tag="245"><subfield code="a">Preparation and properties of solid state materials. vol. 3. iii-v alloys, convective instabilities, and nucleation</subfield><subfield code="c">William r. wilcox, robert a. lefever (eds.)</subfield></datafield><datafield ind1=" " ind2=" " tag="260"><subfield code="a">New York</subfield><subfield code="b">Marcel Dekker, Inc</subfield><subfield code="c">1977</subfield></datafield><datafield ind1=" " ind2=" " tag="300"><subfield code="a">XI+248P</subfield></datafield><datafield ind1="1" ind2=" " tag="700"><subfield code="a">Lefever, Robert A</subfield><subfield code="e">Ed</subfield></datafield><datafield ind1=" " ind2=" " tag="852"><subfield code="a">36020</subfield><subfield code="c">539.2</subfield></datafield><datafield ind1=" " ind2=" " tag="CAT"><subfield code="a">Sys</subfield><subfield code="c">20121019</subfield><subfield code="h">122935</subfield></datafield></record></collection>